<record><leader>00000cas a2200000 a 4500</leader><controlfield tag="001">21551242</controlfield><controlfield tag="008">900517c18849999nhuwr ne      0    0eng c</controlfield><datafield ind1=" " ind2=" " tag="010"><subfield code="a">sn 91066511 </subfield></datafield><datafield ind1=" " ind2=" " tag="040"><subfield code="a">PSM</subfield><subfield code="b">eng</subfield><subfield code="c">PSM</subfield><subfield code="d">NYS</subfield><subfield code="d">NVH</subfield><subfield code="d">NVN</subfield><subfield code="d">OCLCQ</subfield><subfield code="d">OCLCF</subfield><subfield code="d">OCLCO</subfield></datafield><datafield ind1="1" ind2=" " tag="029"><subfield code="a">AU@</subfield><subfield code="b">000025908580</subfield></datafield><datafield ind1=" " ind2=" " tag="042"><subfield code="a">pcc</subfield></datafield><datafield ind1=" " ind2=" " tag="043"><subfield code="a">n-us-nh</subfield></datafield><datafield ind1="0" ind2=" " tag="130"><subfield code="a">Coos County Democrat (Lancaster, N.H. : 1884)</subfield></datafield><datafield ind1="1" ind2="4" tag="245"><subfield code="a">The Coos County Democrat.</subfield></datafield><datafield ind1=" " ind2=" " tag="260"><subfield code="a">Lancaster, N.H. :</subfield><subfield code="b">Democrat Pub.</subfield></datafield><datafield ind1=" " ind2=" " tag="300"><subfield code="a">v.</subfield></datafield><datafield ind1=" " ind2=" " tag="310"><subfield code="a">Weekly</subfield></datafield><datafield ind1="0" ind2=" " tag="362"><subfield code="a">Vol. 1, no. 1 (Aug. 27, 1884)-</subfield></datafield><datafield ind1=" " ind2="0" tag="651"><subfield code="a">Lancaster (N.H.)</subfield><subfield code="v">Newspapers.</subfield></datafield><datafield ind1=" " ind2="0" tag="651"><subfield code="a">New Hampshire</subfield><subfield code="v">Newspapers.</subfield></datafield><datafield ind1=" " ind2="7" tag="655"><subfield code="a">Newspapers.</subfield><subfield code="2">fast</subfield><subfield code="0">(OCoLC)fst01423814</subfield></datafield><datafield ind1=" " ind2="7" tag="651"><subfield code="a">New Hampshire.</subfield><subfield code="2">fast</subfield><subfield code="0">(OCoLC)fst01204318</subfield></datafield><datafield ind1=" " ind2="7" tag="651"><subfield code="a">New Hampshire</subfield><subfield code="z">Lancaster.</subfield><subfield code="2">fast</subfield><subfield code="0">(OCoLC)fst01221611</subfield></datafield><datafield ind1=" " ind2=" " tag="752"><subfield code="a">United States</subfield><subfield code="b">New Hampshire</subfield><subfield code="c">Coos</subfield><subfield code="d">Lancaster.</subfield></datafield><datafield ind1="0" ind2="5" tag="780"><subfield code="t">Groveton enterprise</subfield><subfield code="w">(DLC)sn 91063175</subfield></datafield><datafield ind1="0" ind2="5" tag="780"><subfield code="t">Whitefield times</subfield><subfield code="w">(DLC)sn 90062227</subfield></datafield><datafield ind1="0" ind2="5" tag="780"><subfield code="t">Jefferson times</subfield><subfield code="w">(DLC)sn 90062226</subfield></datafield><datafield ind1="0" ind2="5" tag="780"><subfield code="t">Lancaster gazette (Lancasster, N.H.)</subfield><subfield code="w">(DLC)sn 90062225</subfield></datafield></record>